<record><leader>00000cas a22000007a 4500</leader><controlfield tag="001">20437039</controlfield><controlfield tag="008">891004d186u1911nyuwr ne      0    0eng d</controlfield><datafield ind1=" " ind2=" " tag="010"><subfield code="a">sn 89071400 </subfield></datafield><datafield ind1=" " ind2=" " tag="040"><subfield code="a">NYG</subfield><subfield code="b">eng</subfield><subfield code="c">NYG</subfield><subfield code="d">NYS</subfield><subfield code="d">OCL</subfield><subfield code="d">OCLCQ</subfield><subfield code="d">OCLCF</subfield><subfield code="d">OCLCO</subfield><subfield code="d">AQM</subfield></datafield><datafield ind1=" " ind2=" " tag="042"><subfield code="a">msc</subfield></datafield><datafield ind1=" " ind2=" " tag="043"><subfield code="a">n-us-ny</subfield></datafield><datafield ind1="0" ind2="4" tag="245"><subfield code="a">The Troy weekly press.</subfield></datafield><datafield ind1=" " ind2=" " tag="260"><subfield code="a">Troy, N.Y. :</subfield><subfield code="b">A.S. Pease</subfield></datafield><datafield ind1=" " ind2=" " tag="300"><subfield code="a">v.</subfield></datafield><datafield ind1=" " ind2=" " tag="310"><subfield code="a">Weekly</subfield></datafield><datafield ind1="1" ind2=" " tag="362"><subfield code="a">Ceased with June 28, 1911 issue?</subfield></datafield><datafield ind1=" " ind2=" " tag="500"><subfield code="a">Published by: A.S. Pease, &lt;1869-1870&gt;; and by: Parmenter &amp; Clark, &lt;1872&gt;; and by: Jerome B. Parmenter, &lt;1873&gt;.</subfield></datafield><datafield ind1=" " ind2=" " tag="515"><subfield code="a">Issue for Oct. 29, 1870 also called vol. 8, no. 376.</subfield></datafield><datafield ind1=" " ind2=" " tag="515"><subfield code="a">Issues for Feb. 29-Mar. 28, 1872 also called vol. 5, no. 8-12.</subfield></datafield><datafield ind1=" " ind2=" " tag="580"><subfield code="a">Daily eds.: Troy daily press (Troy, N.Y. : 1863), &lt;1872&gt;-1879; Troy press (Troy, N.Y. : 1879); 1879-1883; Troy daily press (Troy, N.Y. : 1883), 1883-1911.</subfield></datafield><datafield ind1=" " ind2=" " tag="588"><subfield code="a">Description based on: Vol. 6, no. 304 (May 22, 1869).</subfield></datafield><datafield ind1=" " ind2=" " tag="588"><subfield code="a">Latest issue consulted: Vol. 48, no. 47 (June 28, 1911).</subfield></datafield><datafield ind1=" " ind2="0" tag="651"><subfield code="a">Troy (N.Y.)</subfield><subfield code="v">Newspapers.</subfield></datafield><datafield ind1=" " ind2="7" tag="651"><subfield code="a">New York (State)</subfield><subfield code="z">Troy.</subfield><subfield code="2">fast</subfield><subfield code="0">(OCoLC)fst01202806</subfield></datafield><datafield ind1=" " ind2="7" tag="655"><subfield code="a">Newspapers.</subfield><subfield code="2">fast</subfield><subfield code="0">(OCoLC)fst01423814</subfield></datafield><datafield ind1=" " ind2="7" tag="655"><subfield code="a">Newspapers.</subfield><subfield code="2">rbgenr</subfield></datafield><datafield ind1=" " ind2=" " tag="752"><subfield code="a">United States</subfield><subfield code="b">New York</subfield><subfield code="c">Rensselaer</subfield><subfield code="d">Troy.</subfield></datafield><datafield ind1="1" ind2=" " tag="775"><subfield code="t">Troy daily press (Troy, N.Y. : 1863)</subfield><subfield code="w">(DLC)sn 84031629</subfield><subfield code="w">(OCoLC)11191283</subfield></datafield><datafield ind1="1" ind2=" " tag="775"><subfield code="t">Troy press (Troy, N.Y. : 1879)</subfield><subfield code="w">(DLC)sn 85054473</subfield><subfield code="w">(OCoLC)12014937</subfield></datafield><datafield ind1="1" ind2=" " tag="775"><subfield code="t">Troy daily press (Troy, N.Y. : 1883)</subfield><subfield code="w">(DLC)sn 86071087</subfield><subfield code="w">(OCoLC)13111881</subfield></datafield><datafield ind1="0" ind2="0" tag="780"><subfield code="t">Weekly press (Troy, N.Y.)</subfield><subfield code="w">(DLC)sn 85054210</subfield><subfield code="w">(OCoLC)11749628</subfield></datafield></record>